@book{gyorfi2002distribution,
  title={A distribution-free theory of nonparametric regression},
  author={Gy{\"o}rfi, L{\'a}szl{\'o} and K{\"o}hler, Michael and Krzy{\.z}ak, Adam and Walk, Harro},
  volume={1},
  year={2002},
  publisher={Springer}
}
@article{vaart06,
url = {https://doi.org/10.1524/stnd.2006.24.3.351},
title = {Oracle inequalities for multi-fold cross validation},
title = {},
author = {Aad W. van der Vaart and Sandrine Dudoit and Mark J. van der Laan},
pages = {351--371},
volume = {24},
number = {3},
journal = {Statistics \& Decisions},
doi = {doi:10.1524/stnd.2006.24.3.351},
year = {2006},
lastchecked = {2023-02-23}
}

@article{laan03,
author = {Laan, Mark and Dudoit, Sandrine},
year = {2003},
month = {01},
pages = {},
title = {Unified Cross-Validation Methodology For Selection Among Estimators and a General Cross-Validated Adaptive Epsilon-Net Estimator: Finite Sample Oracle Inequalities and Examples},
journal = {UC Berkeley Division of Biostatistics Working Paper Series}
}

@book{bickel1993efficient,
  title={Efficient and adaptive estimation for semiparametric models},
  author={Bickel, Peter J and Klaassen, Chris AJ and Bickel, Peter J and Ritov, Yaâ€™acov and Klaassen, J and Wellner, Jon A and Ritov, YA'Acov},
  volume={4},
  year={1993},
  publisher={Springer}
}
@inproceedings{chen2016xgboost,
  title={Xgboost: A scalable tree boosting system},
  author={Chen, Tianqi and Guestrin, Carlos},
  booktitle={Proceedings of the 22nd acm sigkdd international conference on knowledge discovery and data mining},
  pages={785--794},
  year={2016}
}
